<record><leader>00000cas a2200000Ia 4500</leader><controlfield tag="001">11900894</controlfield><controlfield tag="008">850410c19549999ksuwr ne      0    0eng d</controlfield><datafield ind1=" " ind2=" " tag="010"><subfield code="a">sn 85030285 </subfield></datafield><datafield ind1=" " ind2=" " tag="040"><subfield code="a">KSH</subfield><subfield code="b">eng</subfield><subfield code="c">KSH</subfield><subfield code="d">NPT</subfield><subfield code="d">OCLCQ</subfield></datafield><datafield ind1="0" ind2="0" tag="245"><subfield code="a">Meade globe-press.</subfield></datafield><datafield ind1=" " ind2=" " tag="260"><subfield code="a">Meade, Kan. :</subfield><subfield code="b">George H. &amp; Pearl Carey,</subfield><subfield code="c">1954-</subfield></datafield><datafield ind1=" " ind2=" " tag="300"><subfield code="a">v. :</subfield><subfield code="b">ill. ;</subfield><subfield code="c">55 cm.</subfield></datafield><datafield ind1=" " ind2=" " tag="310"><subfield code="a">Weekly</subfield></datafield><datafield ind1="0" ind2=" " tag="362"><subfield code="a">Vol. 69, no. 9 (Mar. 4, 1954)-</subfield></datafield><datafield ind1=" " ind2=" " tag="500"><subfield code="a">Published by: Thomas C. Dixon, June 3, 1971-Sept. 28, 1972; Jerry Anderson, Oct. 5, 1972-</subfield></datafield><datafield ind1=" " ind2=" " tag="525"><subfield code="a">Supplements included.</subfield></datafield><datafield ind1=" " ind2=" " tag="752"><subfield code="a">United States</subfield><subfield code="b">Kansas</subfield><subfield code="c">Meade</subfield><subfield code="d">Meade.</subfield></datafield><datafield ind1="0" ind2="4" tag="780"><subfield code="t">Meade globe-news</subfield><subfield code="w">(DLC)sn 85030284</subfield></datafield><datafield ind1="0" ind2="4" tag="780"><subfield code="t">Meade County press</subfield><subfield code="w">(DLC)sn 85030286</subfield></datafield></record>